<record xmlns='http://www.loc.gov/MARC21/slim'><leader>01439cim a22003852u 4500</leader><controlfield tag='001'>3600906</controlfield><controlfield tag='005'>20151214182733.0</controlfield><controlfield tag='007'>ss|lmnjluz|nuu</controlfield><controlfield tag='008'>991101s1985    nyunnn         l    eng d</controlfield><datafield ind1=' ' ind2=' ' tag='035'><subfield code='a'>(NIC)notisASF7971</subfield></datafield><datafield ind1=' ' ind2=' ' tag='035'><subfield code='a'>3600906</subfield></datafield><datafield ind1=' ' ind2=' ' tag='035'><subfield code='a'>(OCoLC)63896789</subfield></datafield><datafield ind1=' ' ind2=' ' tag='040'><subfield code='a'>NIC</subfield><subfield code='c'>NIC</subfield><subfield code='d'>NIC</subfield><subfield code='d'>NIC</subfield></datafield><datafield ind1='1' ind2=' ' tag='100'><subfield code='a'>Lynch, Dotty.</subfield></datafield><datafield ind1='1' ind2='0' tag='245'><subfield code='a'>Survey research and presidential campaigns: the Democrats in 1984</subfield><subfield code='h'>[sound recording]</subfield></datafield><datafield ind1=' ' ind2=' ' tag='260'><subfield code='c'>1985.</subfield></datafield><datafield ind1=' ' ind2=' ' tag='300'><subfield code='a'>1 sound cassette (62 min.) :</subfield><subfield code='b'>analog, mono.</subfield></datafield><datafield ind1=' ' ind2=' ' tag='500'><subfield code='a'>Recorded in Ithaca, NY by Cornell University.</subfield></datafield><datafield ind1=' ' ind2=' ' tag='500'><subfield code='a'>Accompanied by: Notes.</subfield></datafield><datafield ind1=' ' ind2=' ' tag='500'><subfield code='a'>Sponsored by: Cornell Institute for Social and Economic Research (CISER).</subfield></datafield><datafield ind1=' ' ind2=' ' tag='518'><subfield code='a'>Lecture, April 15, 1985.</subfield></datafield><datafield ind1=' ' ind2=' ' tag='520'><subfield code='a'>Lynch describes the use of polls in presidential campaigns, specifically the 1984 campaign.</subfield></datafield><datafield ind1=' ' ind2='0' tag='650'><subfield code='a'>Politics, Practical.</subfield></datafield><datafield ind1=' ' ind2='0' tag='650'><subfield code='a'>Public opinion polls.</subfield></datafield><datafield ind1=' ' ind2='0' tag='650'><subfield code='a'>Elections</subfield><subfield code='z'>United States.</subfield></datafield><datafield ind1=' ' ind2='0' tag='650'><subfield code='a'>Presidents</subfield><subfield code='z'>United States.</subfield></datafield><datafield ind1=' ' ind2='7' tag='650'><subfield code='a'>Elections</subfield><subfield code='2'>fast</subfield><subfield code='0'>(OCoLC)fst00904324</subfield></datafield><datafield ind1=' ' ind2='7' tag='650'><subfield code='a'>Politics, Practical</subfield><subfield code='2'>fast</subfield><subfield code='0'>(OCoLC)fst01069977</subfield></datafield><datafield ind1=' ' ind2='7' tag='650'><subfield code='a'>Presidents</subfield><subfield code='2'>fast</subfield><subfield code='0'>(OCoLC)fst01075723</subfield></datafield><datafield ind1=' ' ind2='7' tag='650'><subfield code='a'>Public opinion polls</subfield><subfield code='2'>fast</subfield><subfield code='0'>(OCoLC)fst01082803</subfield></datafield><datafield ind1=' ' ind2='7' tag='651'><subfield code='a'>United States</subfield><subfield code='2'>fast</subfield><subfield code='0'>(OCoLC)fst01204155</subfield></datafield><datafield ind1=' ' ind2='0' tag='830'><subfield code='a'>Polling and the political process.</subfield></datafield><datafield ind1='1' ind2=' ' tag='899'><subfield code='a'>CULectures</subfield></datafield><datafield ind1=' ' ind2=' ' tag='905'><subfield code='a'>20000320120000.0</subfield></datafield><datafield ind1='2' ind2=' ' tag='948'><subfield code='a'>20141221</subfield><subfield code='b'>m</subfield><subfield code='d'>batch</subfield><subfield code='e'>lts</subfield><subfield code='x'>addfast</subfield></datafield></record>